%% This BibTeX bibliography file was created using BibDesk.
%% https://bibdesk.sourceforge.io/

%% Created for Spencer Smith at 2023-03-24 13:04:27 -0400 


%% Saved with string encoding Unicode (UTF-8) 

@article{BelkhirAndElmeligi2018,
  author  = {Lotfi Belkhir and Ahmed Elmeligi},
  title   = {Assessing ICT global emissions footprint: Trends to 2040 and recommendations},
  journal = {Journal of Cleaner Production},
  year    = {2018},
  url     = {https://www.researchgate.net/publication/322205565_Assessing_ICT_global_emissions_footprint_Trends_to_2040_recommendations}
}

@article{FreitagAndBernersLee2021,
  author  = {Charlotte Freitag and Mike Berners-Lee},
  title   = {The real climate and transformative impact of ICT: A critique of estimates, trends, and regulations},
  journal = {Patterns},
  volume  = {2},
  number  = {9},
  year    = {2021},
  doi     = {10.1016/j.patter.2021.100340},
  url     = {https://www.sciencedirect.com/science/article/pii/S2666389921001884}
}
